% rover
@conference{rover,
  author={W.C. Woo and W.K. Wong},
  title={Application of optical flow techniques to rainfall nowcasting},
  booktitle={Severe Local Storms},
  volume={27},
  year={2014}
}

% kishocho
@misc{kishocho,
  author = {気象庁},
  title = {{数値予報とは}},
  howpublished = {{http://www.kishou.go.jp/know/whitep/1-3-1.html}},
  year = {2015}, 
  note = "[Online; accessed 28-August-2015]"
}

% bengio2007greedy
@article{bengio2007greedy,
  title={Greedy layer-wise training of deep networks},
  author={Bengio, Yoshua and Lamblin, Pascal and Popovici, Dan and Larochelle, Hugo and others},
  journal={Advances in neural information processing systems},
  volume={19},
  pages={153},
  year={2007},
  publisher={MIT; 1998}
}

% wiki:rnn
@misc{wiki:recurrent_neural_network,
  author = "Wikipedia",
  title = "{Recurrent neural network} --- {W}ikipedia{,} The Free Encyclopedia",
  year = "2015",
  howpublished = {{https://en.wikipedia.org/wiki/Recurrent\_neural\_network}},
  note = "[Online; accessed 09-December-2015]"
}
@article{hopfield1982neural,
  title={Neural networks and physical systems with emergent collective computational abilities},
  author={Hopfield, John J},
  journal={Proceedings of the national academy of sciences},
  volume={79},
  number={8},
  pages={2554--2558},
  year={1982},
  publisher={National Acad Sciences}
}
@article{elman1990finding,
  title={Finding structure in time},
  author={Elman, Jeffrey L},
  journal={Cognitive science},
  volume={14},
  number={2},
  pages={179--211},
  year={1990},
  publisher={Elsevier}
}

% rnn_elman
@article{elman1990finding,
  title={Finding structure in time},
  author={Elman, Jeffrey L},
  journal={Cognitive science},
  volume={14},
  number={2},
  pages={179--211},
  year={1990},
  publisher={Elsevier}
}

% rnn_time_delay
@article{lang1990time,
  title={A time-delay neural network architecture for isolated word recognition},
  author={Lang, Kevin J and Waibel, Alex H and Hinton, Geoffrey E},
  journal={Neural networks},
  volume={3},
  number={1},
  pages={23--43},
  year={1990},
  publisher={Elsevier}
}

% rnn_vanishing_gradient
@article{bengio1994learning,
  title={Learning long-term dependencies with gradient descent is difficult},
  author={Bengio, Yoshua and Simard, Patrice and Frasconi, Paolo},
  journal={Neural Networks, IEEE Transactions on},
  volume={5},
  number={2},
  pages={157--166},
  year={1994},
  publisher={IEEE}
}
@article{pascanu2012difficulty,
  title={On the difficulty of training recurrent neural networks},
  author={Pascanu, Razvan and Mikolov, Tomas and Bengio, Yoshua},
  journal={arXiv preprint arXiv:1211.5063},
  year={2012}
}

% rnn_lstm
@article{hochreiter1997long,
  title={Long short-term memory},
  author={Hochreiter, Sepp and Schmidhuber, J{\"u}rgen},
  journal={Neural computation},
  volume={9},
  number={8},
  pages={1735--1780},
  year={1997},
  publisher={MIT Press}
}

% rnn_lstm_peephole
@inproceedings{gers2000recurrent,
  title={Recurrent nets that time and count},
  author={Gers, Felix and Schmidhuber, J{\"u}rgen and others},
  booktitle={Neural Networks, 2000. IJCNN 2000, Proceedings of the IEEE-INNS-ENNS International Joint Conference on},
  volume={3},
  pages={189--194},
  year={2000},
  organization={IEEE}
}

% nn_normalization
@article{sola1997importance,
  title={Importance of input data normalization for the application of neural networks to complex industrial problems},
  author={Sola, J and Sevilla, J},
  journal={Nuclear Science, IEEE Transactions on},
  volume={44},
  number={3},
  pages={1464--1468},
  year={1997},
  publisher={IEEE}
}

% googlenet_slides
@misc{googlenet_slides,
  author = {Google},
  title = {{GoogLeNet presentation}},
  howpublished = {{http://image-net.org/challenges/LSVRC/2014/slides/GoogLeNet.pptx}},
  year = {2015}, 
  note = "[Online; accessed 7-October-2015]"
}

% dnn_difficulty
@inproceedings{glorot2010understanding,
  title={Understanding the difficulty of training deep feedforward neural networks},
  author={Glorot, Xavier and Bengio, Yoshua},
  booktitle={International conference on artificial intelligence and statistics},
  pages={249--256},
  year={2010}
}

% convlstm
@inproceedings{shi2015convolutional,
  title={Convolutional LSTM Network: A Machine Learning Approach for Precipitation Nowcasting},
  author={Xingjian, SHI and Chen, Zhourong and Wang, Hao and Yeung, Dit-Yan and Wong, Wai-kin and WOO, Wang-chun},
  booktitle={Advances in Neural Information Processing Systems},
  pages={802--810},
  year={2015}
}


% liu
@inproceedings{liu2014deep,
  title={Deep Neural Network Based Feature Representation for Weather Forecasting},
  author={Liu, James NK and Hu, Yanxing and You, Jane Jia and Chan, Pak Wai},
  booktitle={Proceedings on the International Conference on Artificial Intelligence (ICAI)},
  pages={1},
  year={2014},
  organization={The Steering Committee of The World Congress in Computer Science, Computer Engineering and Applied Computing (WorldComp)}
}

% deng
@article{deng2014deep,
  title={Deep learning: methods and applications},
  author={Deng, Li and Yu, Dong},
  journal={Foundations and Trends in Signal Processing},
  volume={7},
  number={3--4},
  pages={197--387},
  year={2014},
  publisher={Now Publishers Inc.}
}

% multi_modal
@inproceedings{ngiam2011multimodal,
  title={Multimodal deep learning},
  author={Ngiam, Jiquan and Khosla, Aditya and Kim, Mingyu and Nam, Juhan and Lee, Honglak and Ng, Andrew Y},
  booktitle={Proceedings of the 28th international conference on machine learning (ICML-11)},
  pages={689--696},
  year={2011}
}

% cnn_multi_modal
@article{zhang2015deep,
  title={Deep convolutional neural networks for multi-modality isointense infant brain image segmentation},
  author={Zhang, Wenlu and Li, Rongjian and Deng, Houtao and Wang, Li and Lin, Weili and Ji, Shuiwang and Shen, Dinggang},
  journal={NeuroImage},
  volume={108},
  pages={214--224},
  year={2015},
  publisher={Elsevier}
}

% multi_view_survey
@article{xu2013survey,
  title={A survey on multi-view learning},
  author={Xu, Chang and Tao, Dacheng and Xu, Chao},
  journal={arXiv preprint arXiv:1304.5634},
  year={2013}
}

% deep_cca
@inproceedings{andrew2013deep,
  title={Deep canonical correlation analysis},
  author={Andrew, Galen and Arora, Raman and Bilmes, Jeff and Livescu, Karen},
  booktitle={Proceedings of the 30th International Conference on Machine Learning},
  pages={1247--1255},
  year={2013}
}

% deep_multi_view
@article{wangdeep,
  title={On Deep Multi-View Representation Learning},
  author={Wang, Weiran and Arora, Raman and Livescu, Karen and Bilmes, Jeff}
}

% deep_cca_sgd
@inproceedings{wang2015unsupervised,
  title={Unsupervised learning of acoustic features via deep canonical correlation analysis},
  author={Wang, Weiran and Arora, Raman and Livescu, Karen and Bilmes, Jeff A},
  booktitle={Proceedings of ICASSP},
  year={2015}
}

% cca_solver
@book{mardia1979multivariate,
  title={Multivariate analysis},
  author={Mardia, Kantilal Varichand and Kent, John T and Bibby, John M},
  year={1979},
  publisher={Academic press}
}

% optical_flow
@inproceedings{cheung2012application,
  title={Application of optical-flow technique to significant convection nowcast for terminal areas in Hong Kong},
  author={Cheung, P and Yeung, HY},
  booktitle={The 3rd WMO International Symposium on Nowcasting and Very Short-Range Forecasting (WSN12)},
  pages={6--10},
  year={2012}
}

% simonyan
@inproceedings{simonyan2014two,
  title={Two-stream convolutional networks for action recognition in videos},
  author={Simonyan, Karen and Zisserman, Andrew},
  booktitle={Advances in Neural Information Processing Systems},
  pages={568--576},
  year={2014}
}

% wu
@article{wu2015modeling,
  title={Modeling Spatial-Temporal Clues in a Hybrid Deep Learning Framework for Video Classification},
  author={Wu, Zuxuan and Wang, Xi and Jiang, Yu-Gang and Ye, Hao and Xue, Xiangyang},
  journal={arXiv preprint arXiv:1504.01561},
  year={2015}
}

% conv_recursive
@inproceedings{socher2012convolutional,
  title={Convolutional-recursive deep learning for 3d object classification},
  author={Socher, Richard and Huval, Brody and Bath, Bharath and Manning, Christopher D and Ng, Andrew Y},
  booktitle={Advances in Neural Information Processing Systems},
  pages={665--673},
  year={2012}
}

% pinheiro
@article{pinheiro2013recurrent,
  title={Recurrent convolutional neural networks for scene parsing},
  author={Pinheiro, Pedro HO and Collobert, Ronan},
  journal={arXiv preprint arXiv:1306.2795},
  year={2013}
}

% donahue
@article{donahue2014long,
  title={Long-term recurrent convolutional networks for visual recognition and description},
  author={Donahue, Jeff and Hendricks, Lisa Anne and Guadarrama, Sergio and Rohrbach, Marcus and Venugopalan, Subhashini and Saenko, Kate and Darrell, Trevor},
  journal={arXiv preprint arXiv:1411.4389},
  year={2014}
}

% seq2seq
@inproceedings{sutskever2014sequence,
  title={Sequence to sequence learning with neural networks},
  author={Sutskever, Ilya and Vinyals, Oriol and Le, Quoc VV},
  booktitle={Advances in neural information processing systems},
  pages={3104--3112},
  year={2014}
}

% genseq
@article{graves2013generating,
  title={Generating sequences with recurrent neural networks},
  author={Graves, Alex},
  journal={arXiv preprint arXiv:1308.0850},
  year={2013}
}

% video_lstm
@article{srivastava2015unsupervised,
  title={Unsupervised learning of video representations using lstms},
  author={Srivastava, Nitish and Mansimov, Elman and Salakhutdinov, Ruslan},
  journal={arXiv preprint arXiv:1502.04681},
  year={2015}
}

% theano
@MISC{Bastien-Theano-2012,
        author = {Bastien, Fr{\'{e}}d{\'{e}}ric and Lamblin, Pascal and Pascanu, Razvan and Bergstra, James and Goodfellow, Ian J. and Bergeron, Arnaud and Bouchard, Nicolas and Bengio, Yoshua},
         title = {Theano: new features and speed improvements},
          year = {2012},
  howpublished = {Deep Learning and Unsupervised Feature Learning NIPS 2012 Workshop},
      abstract = {Theano is a linear algebra compiler that optimizes a user’s symbolically-speci\UTF{FB01}ed
mathematical computations to produce ef\UTF{FB01}cient low-level implementations. In
this paper, we present new features and ef\UTF{FB01}ciency improvements to Theano, and
benchmarks demonstrating Theano’s performance relative to Torch7, a recently
introduced machine learning library, and to RNNLM, a C++ library targeted at
recurrent neural networks.}
}

% theano
@INPROCEEDINGS{bergstra+al:2010-scipy,
     author = {Bergstra, James and Breuleux, Olivier and Bastien, Fr{\'{e}}d{\'{e}}ric and Lamblin, Pascal and Pascanu, Razvan and Desjardins, Guillaume and Turian, Joseph and Warde-Farley, David and Bengio, Yoshua},
      month = jun,
      title = {Theano: a {CPU} and {GPU} Math Expression Compiler},
  booktitle = {Proceedings of the Python for Scientific Computing Conference ({SciPy})},
       year = {2010},
   location = {Austin, TX},
       note = {Oral Presentation},
   abstract = {Theano is a compiler for mathematical expressions in Python that combines the convenience of NumPy’s syntax with the speed of optimized native machine language. The user composes mathematical expressions in a high-level description that mimics NumPy’s syntax and semantics, while being statically typed and
functional (as opposed to imperative). These expressions allow Theano to provide symbolic differentiation. Before performing computation, Theano optimizes the choice of expressions, translates
them into C++ (or CUDA for GPU), compiles them into dynamically loaded Python modules, all automatically. Common machine learning algorithms implemented with Theano are from 1.6× to 7.5× faster than competitive alternatives (including those implemented with C/C++, NumPy/SciPy and MATLAB) when compiled for the
CPU and between 6.5× and 44× faster when compiled for the GPU. This paper illustrates how to use Theano, outlines the scope of the compiler, provides benchmarks on both CPU and GPU processors, and explains its overall design.}
}

% sgd
@misc{wiki:stochastic_gradient_descent,
  author = "Wikipedia",
  title = "{Stochastic gradient descent} --- {W}ikipedia{,} The Free Encyclopedia",
  year = "2015",
  howpublished = {{https://en.wikipedia.org/wiki/Stochastic\_gradient\_descent}},
  note = "[Online; accessed 26-November-2015]"
}

% rmsprop
@misc{hint2014rmsprop,
  author = {Geoffrey Hinton, Nitish Srivastava and Kevin Swersky},
  institution = {University of Toronto},
  howpublished = {University of Toronto},
  year = {2014},
  title = {Neural Networks for Machine Learning, Lecture 6a},
  url={http://www.cs.toronto.edu/~tijmen/csc321/slides/lecture_slides_lec6.pdf}
}

% kishocho_radar
@misc{kishocho_radar,
  author = {気象庁},
  title = {{レーダー・ナウキャスト（降水・雷・竜巻）}},
  howpublished = {{\\http://www.jma.go.jp/jp/radnowc/}},
  year = {2015}, 
  note = "[Online; accessed 08-October-2015]"
}

% lrit_hrit_spec
@book{eumetsat1999coordination,
  title={Coordination Group for Meteorological Satellites: LRIT/HRIT Global Specification},
  author={EUMETSAT (Organization)},
  url={https://books.google.com.au/books?id=GJ3-GwAACAAJ},
  year={1999},
  publisher={EUMETSAT}
}

% kisho_center_lrit
@misc{kisho_center_lrit,
  author = {気象センター},
  title = {{低速情報伝送(LRIT)}},
  howpublished = {{\\http://www.data.jma.go.jp/mscweb/ja/operation/technology/LRIT/index.html}},
  year = {2015},
  note = "[Online; accessed 09-October-2015]"
}

% kisho_center_lrit_sample
@misc{kisho_center_lrit_sample,
  author = {気象センター},
  title = {{ひまわり8号・9号 | サンプルデータ}},
  howpublished = {{\\http://www.data.jma.go.jp/mscweb/ja/himawari89/space\_segment/sample\_hrit.html}},
  year = {2015},
  note = "[Online; accessed 09-October-2015]"
}