%article
@article{argDefine,
  title={議論の概念的分析: 概念的定義と議論に関わる諸側面や要因の特定化},
  author={加藤和生 and 丸野俊一},
  journal={九州大学教育学部紀要 (教育心理学部門)},
  volume={41},
  number={1},
  pages={81--111},
  year={1996}
}

@article{argTree,
  title={"Web 上での大規模議論における議論ツリーによる意見集約支援"},
  author={仙石晃久 and 伊藤孝行 and 藤田桂英 and 白松俊 and 伊藤孝紀 and 秀島栄三},
  journal={研究報告知能システム},
  pages={1-8},
  year={2016},
  publisher={ICS}
}

@article{collagreeTest,
  title={ "多人数ワークショップのための意見集約支援システム Collagree の試作と評価実験"},
  author={伊藤孝行 and et al},
  journal={日本経営工学会論文誌},
  pages={83-108},
  year={2015}
}

@article{fastText,
  title={"Enriching word vectors with subword information"},
  author={Bojanowski, Piotr, et al},
  journal={arXiv preprint arXiv:1607.04606},
  year={2016}
}

@article{fastText2,
  title={Bag of tricks for efficient text classification},
  author={Joulin, Armand and Grave, Edouard and Bojanowski, Piotr and Mikolov, Tomas},
  journal={arXiv preprint arXiv:1607.01759},
  year={2016}
}


@article{headline,
  title={"議論掲示板におけるテンプレートを用いた見出し生成手法"},
  author={渡辺亮輔and 藤田桂英},
  journal={研究報告知能システム},
  pages={1-5},
  year={2015},
  publisher={ICS}
}

@article{summary,
  title={"議論掲示板におけるスレッド構造と時系列を考慮した自動要約"},
  author={北川涼太, and 藤田桂英},
  journal={研究報告知能システム},
  pages={1-6},
  year={2015},
  publisher={ICS}
}

@article{lexRank,
  title={"LexRank: Graph-based lexical centrality as salience in text summarization"},
  author={Erkan, Gunes and Dragomir R. Radev},
  journal={Journal of Artificial Intelligence Research},
  pages={457-479},
  year={2004}
}

@techreport{pageRank1999,
  title={The PageRank citation ranking: Bringing order to the web.},
  author={Page, Lawrence and Brin, Sergey and Motwani, Rajeev and Winograd, Terry},
  year={1999},
  institution={Stanford InfoLab}
}

@article{collagreeSystem,
  title={"COLLAGREE: A Faciliatormediated, Large-scale Consensus Support System"},
  author={Takayuki Ito,Yuma Imi, Eizo Hideshima},
  journal={Collective Intelligence},
  year={2015}
}

@article{facilitation,
  title={"ファシリテータに着目した合意形成支援システムの検証と評価"},
  author={伊藤 孝紀,深町 駿平,田中 恵， 伊藤 孝行， 秀島 栄三},
  journal={デザイン学研究},
  pages={67-76},
  year={2015}
}

@article{collagreeTest2,
  title={"大規模意見集約システム COLLAGREE の開発と名古屋市次期総合計画に関する社会実験"},
  author={伊美裕麻， 伊藤孝行， 伊藤孝紀， 秀島栄三},
  journal={人工知能学会全国大会論文集},
  pages={1-4},
  year={2014}
}

@article{word2vec,
  title={Efficient estimation of word representations in vector space},
  author={Mikolov, Tomas and Chen, Kai and Corrado, Greg and Dean, Jeffrey},
  journal={arXiv preprint arXiv:1301.3781},
  year={2013}
}


@article{word2vecTranslate,
  title={"Exploiting similarities among languages for machine translation."},
  author={Mikolov, Tomas, Quoc V. Le, and Ilya Sutskever.},
  journal={arXiv preprint arXiv:1309.4168},
  year={2013}
}

@article{tf,
title = {"A statistical approach to mechanized encoding and searching of literary information."},
author = {Luhn, Hans Peter.}, 
journal = {IBM Journal of research and development} ,
pages={309-317},
year = {1957}
}

@article{idf,
title = {"A Statistical Interpretation of TermSpecificity and Its Application in Retrieval"},
author = {Karen Sparck Jones},
journal = {Journal of Documentation},
volume = {28},
pages = {11-21},
year={1972}
}

@article{okapiBM25,
  title={"A tutorial on Okapi BM25"},
  author={Garcia, E},
  year={2011}
}

@article{textSegmentation1,
  title={単語の概念ベクトルを用いたテキストセグメンテーション},
  author={別所克人 and others},
  journal={情報処理学会論文誌},
  volume={42},
  number={11},
  pages={2650--2662},
  year={2001}
}

@article{textSegmentation2,
  title={クラスタ内変動最小基準に基づくテキストセグメンテーション},
  author={別所克人 and others},
  journal={情報処理学会論文誌},
  volume={47},
  number={3},
  pages={957--967},
  year={2006}
}

@book{zatsudan,
 author={筒井佐代},
 title={雑談の構造分析},
 publisher={くろしお出版},
 year={2012}
}

@book{convAnalysis,
  title={会話分析の基礎},
  author={高木智世 and 細田由利 and 森田笑},
  year={2016},
  publisher={ひつじ書房}
}

@article{texttiling,
  title={TextTiling: Segmenting text into multi-paragraph subtopic passages},
  author={Hearst, Marti A},
  journal={Computational linguistics},
  volume={23},
  number={1},
  pages={33--64},
  year={1997},
  publisher={MIT Press}
}

@article{discSupport1-1,
  title={Incentive Mechanism for Managing Large-Scale Internet-Based Discussions on COLLAGREE},
  author={Ito, Takayuki and Imi, Yuma and Sato, Motoki and Ito, Takanori and Hideshima, Eizo},
  journal={Collective Intelligence 2015},
  year={2015}
}

@article{discSupport1-2,
  title={大規模意見集約支援のための意見内容と投稿タイミングに基づくインセンティブ機構},
  author={高橋一将 and 伊藤孝行 and 伊藤孝紀 and 秀島栄三 and 白松俊 and 藤田桂英 and others},
  journal={第 78 回全国大会講演論文集},
  volume={2016},
  number={1},
  pages={409--410},
  year={2016}
}

@article{discSupport2,
  title={好意的発言影響度を取り入れた議論支援システムの開発},
  author={小谷哲郎 and 関一也 and 松居辰則 and 岡本敏雄},
  journal={人工知能学会論文誌},
  volume={19},
  number={2},
  pages={95--104},
  year={2004},
  publisher={一般社団法人 人工知能学会}
}

@article{collagree_Experiment,
author="伊美, 裕麻 and 伊藤, 孝行 and 伊藤, 孝紀 and 秀島, 栄三",
title="オンラインファシリテーション支援機構に基づく大規模意見集約システムCOLLAGREE—名古屋市次期総合計画のための市民議論に向けた社会実装",
journal="情報処理学会論文誌",
ISSN="1882-7764",
publisher="",
year="2015",
month="oct",
volume="56",
number="10",
pages="1996-2010",
URL="https://ci.nii.ac.jp/naid/170000130750/",
DOI="",
}

@article{embedTopic1,
  title={雑談対話システムにおける単語分散表現を用いた話題展開手法},
  author={中野哲寛 and 荒木雅弘},
  journal={言語処理学会第 21 回年次大会発表論文集},
  pages={269--272},
  year={2015}
}

@inproceedings{embedTopic2,
  title={TweetSift: Tweet Topic Classification Based on Entity Knowledge Base and Topic Enhanced Word Embedding},
  author={Li, Quanzhi and Shah, Sameena and Liu, Xiaomo and Nourbakhsh, Armineh and Fang, Rui},
  booktitle={Proceedings of the 25th ACM International on Conference on Information and Knowledge Management},
  pages={2429--2432},
  year={2016},
  organization={ACM}
}

@article{firth1957hypothesis,
  title={A synopsis of linguistic theory, 1930-1955},
  author={Firth, John R},
  journal={Studies in linguistic analysis},
  year={1957},
  publisher={Basil Blackwell}
}

@inproceedings{levy2014neural,
  title={Neural word embedding as implicit matrix factorization},
  author={Levy, Omer and Goldberg, Yoav},
  booktitle={Advances in neural information processing systems},
  pages={2177--2185},
  year={2014}
}

@article{kudo2005mecab,
  title={Mecab: Yet another part-of-speech and morphological analyzer},
  author={Kudo, Taku},
  journal={http://mecab. sourceforge. net/},
  year={2005}
}

@inproceedings{topicModel,
  title={Probabilistic latent semantic indexing},
  author={Hofmann, Thomas},
  booktitle={Proceedings of the 22nd annual international ACM SIGIR conference on Research and development in information retrieval},
  pages={50--57},
  year={1999},
  organization={ACM}
}

@article{LDA2003,
  title={Latent dirichlet allocation},
  author={Blei, David M and Ng, Andrew Y and Jordan, Michael I},
  journal={Journal of machine Learning research},
  volume={3},
  number={Jan},
  pages={993--1022},
  year={2003}
}

@article{topicLDAshift,
  title={トピック変化点検出に基づく LDA のオンライン適応における複数モデル統合の効果},
  author={中村明 and 速水悟 and 津田裕亮 and 松本忠博 and 池田尚志},
  journal={言語処理学会第 15 回年次大会論文集},
  pages={909--912},
  year={2009}
}

@article{SMO,
  title={Sequential minimal optimization: A fast algorithm for training support vector machines},
  author={Platt, John},
  year={1998}
}